<?xml version="1.0" encoding="UTF-8"?><collection xmlns="http://www.loc.gov/MARC21/slim"><record><leader>00561nam--2200193-i-4500</leader><controlfield tag="001">000001377</controlfield><controlfield tag="002">20161230</controlfield><controlfield tag="005">20161230201024</controlfield><controlfield tag="008">060222s1000------------r-----000-0-ger-d</controlfield><datafield ind1=" " ind2=" " tag="040"><subfield code="a">IFIN-HH</subfield></datafield><datafield ind1=" " ind2=" " tag="041"><subfield code="a">ger</subfield></datafield><datafield ind1=" " ind2=" " tag="080"><subfield code="a">519.21</subfield></datafield><datafield ind1="1" ind2=" " tag="100"><subfield code="a">Gnedenko, B.W</subfield></datafield><datafield ind1="1" ind2="0" tag="245"><subfield code="a">Lehrbuch der wahrscheinlichkeitsrechung. 6 auflage.mit 22 abbildungen und 22 tabellen</subfield><subfield code="c">B.W. Gnedenko</subfield></datafield><datafield ind1=" " ind2=" " tag="260"><subfield code="a">Berlin, Akademie-verlag, 1970</subfield></datafield><datafield ind1=" " ind2=" " tag="300"><subfield code="a">XI + 399 P</subfield></datafield><datafield ind1=" " ind2=" " tag="490"><subfield code="a">Mathematische Lehrbucher Und Monographien</subfield></datafield><datafield ind1=" " ind2=" " tag="852"><subfield code="a">76663</subfield><subfield code="c">519.2</subfield></datafield><datafield ind1=" " ind2=" " tag="CAT"><subfield code="a">Sys</subfield><subfield code="c">20100618</subfield><subfield code="h">105816</subfield></datafield></record></collection>